<?xml version="1.0" encoding="UTF-8"?><collection xmlns="http://www.loc.gov/MARC21/slim"><record><leader>00298nam--2200109-i-4500</leader><controlfield tag="001">000036111</controlfield><controlfield tag="002">20161230</controlfield><controlfield tag="005">20161230201040</controlfield><controlfield tag="008">060222s1000------------r-----000-0-eng-d</controlfield><datafield ind1=" " ind2=" " tag="245"><subfield code="a">Nuclear engineering fundamentals. vol. 2: nuclear physics</subfield></datafield><datafield ind1=" " ind2=" " tag="260"><subfield code="a">New York, Mcgraw-hill Book Co., 1964</subfield></datafield><datafield ind1=" " ind2=" " tag="852"><subfield code="a">20388</subfield></datafield></record></collection>